@online{ VidRock,
	author = {Jacobs, Bill},
	title = {OpenGL Tutorial},
	date = {2016},
	url = {http://www.videotutorialsrock.com},
}


@book{ LectureNotes,
	author = {Li, Ling},
	title = {Introduction to OpenGL},
	series = {Lecture Notes in Computer Graphics 200},
	publisher = {Curtin University},
	address = {Perth, Australia},
	year = {August 2016}
}

@online{Lighthouse,
	author = {Lighthouse3d.com},
	title = {GLUT Tutorial},
	date = {2015},
	url = {http://www.lighthouse3d.com/tutorials/glut-tutorial/},
}

@online{OpenGL,
	organization = {Khronos Group},
	title = {OpenGL API Documentation Overview},
	date = {2016},
	url = {https://www.opengl.org/documentation},
}

@online{NeHe,
	author = {NeHe Productions},
	date = {2012},
	url = {http://nehe.gamedev.net/},
	organization = {GameDev.net},
}
